
%% Papers for quantum framework comparison:

@article{LaRose.2019,
 author = {LaRose, Ryan},
 year = {2019},
 title = {Overview and Comparison of Gate Level Quantum Software Platforms},
 pages = {130},
 volume = {3},
 journal = {Quantum},
 doi = {10.22331/q-2019-03-25-130}
 }

@inproceedings{Vietz.2021,
 author = {Vietz, Daniel and Barzen, Johanna and Leymann, Frank and Wild, Karoline},
 title = {On Decision Support for Quantum Application Developers: Categorization, Comparison, and Analysis of Existing Technologies},
 pages = {127--141},
 _publisher = {{Springer International Publishing}},
 booktitle = {Proceedings ICCS 2021},
 year = {2021},
 _address = {Cham},
 doi = {10.1007/978-3-030-77980-1_10}
}
%%

%% Papers arguing for a unified quantum platform or programming language
% This file was created with Citavi 6.6.0.0
@inproceedings{FrankLeymann.2020,
 author = {{Frank Leymann} and {Johanna Barzen} and {Michael Falkenthal} and {Daniel Vietz} and {Karoline Wild}},
 title = {Quantum in the Cloud: Application Potentials and Research Opportunities},
 pages = {9--24},
 year = {2020},
 booktitle = {Proceedings of the 10th International Conference on Cloud Computing and Services Science},
 _address = {Prague, Czech Republic},
 doi = {10.5220/0009819800090024}
}
%%


@article{Trummer.2016,
 author = {Trummer, Immanuel and Koch, Christoph},
 year = {2016},
 title = {Multiple query optimization on the {D-Wave 2X} adiabatic quantum computer},
 pages = {648--659},
 volume = {9},
 number = {9},
 journal = {Proceedings of the VLDB Endowment},
 doi = {10.14778/2947618.2947621}
}

@article{Sellis.1988,
 author = {Sellis, Timos K.},
 year = {1988},
 title = {Multiple-query optimization},
 pages = {23--52},
 volume = {13},
 number = {1},
 journal = {ACM Transactions on Database Systems},
 doi = {10.1145/42201.42203}
}

@article{McClean.2016,
 author = {McClean, Jarrod R. and Romero, Jonathan and Babbush, Ryan and Aspuru-Guzik, Al{\'a}n},
 year = {2016},
 month = feb,
 title = {The theory of variational hybrid quantum-classical algorithms},
 pages = {023023},
 volume = {18},
 number = {2},
 journal = {New Journal of Physics},
 doi = {10.1088/1367-2630/18/2/023023}
}

@techreport{Bian.2010,
 author = {Bian, Zhengbing and Chudak, Fabi{\'a}n and Macready, William and Rose, Geordie},
 year = {2010},
 title = {The {Ising} model: Teaching an old problem new tricks},
 institution = {D-Wave Systems Inc}
}

@article{Farhi.2014,
 author = {Farhi, Edward and Goldstone, Jeffrey and Gutmann, Sam},
 title = {A quantum approximate optimization algorithm},
 _url = {https://arxiv.org/abs/1411.4028},
 eprint={1411.4028},
 archivePrefix={arXiv},
 primaryClass={quant-ph},
 year = {2014},
}

@misc{docplex,
author = {{IBM}},
title = {{IBM} Decision Optimization {CPLEX} Modeling for Python},
url = "https://ibmdecisionoptimization.github.io/docplex-doc/",
_urldate = {2021-10-04},
year={2021}
}

@article{Broughton.06.03.2020,
 author = {Broughton, Michael and Verdon, Guillaume and McCourt, Trevor and Martinez, Antonio J. and Yoo, Jae Hyeon and Isakov, Sergei V. and Massey, Philip and Halavati, Ramin and Niu, Murphy Yuezhen and Zlokapa, Alexander and Peters, Evan and Lockwood, Owen and Skolik, Andrea and Jerbi, Sofiene and Dunjko, Vedran and Leib, Martin and Streif, Michael and von Dollen, David and Chen, Hongxiang and Cao, Shuxiang and Wiersema, Roeland and Huang, Hsin-Yuan and McClean, Jarrod R. and Babbush, Ryan and Boixo, Sergio and Bacon, Dave and Ho, Alan K. and Neven, Hartmut and Mohseni, Masoud},
 date = {06.03.2020},
 title = {TensorFlow Quantum: A Software Framework for Quantum Machine Learning},
 _url = {https://arxiv.org/abs/2003.02989},
 eprint={2003.02989},
 archivePrefix={arXiv},
 primaryClass={quant-ph}
}

@misc{bergholm2020pennylane,
      title={PennyLane: Automatic differentiation of hybrid quantum-classical computations}, 
      author={Ville Bergholm and Josh Izaac and Maria Schuld and Christian Gogolin and M. Sohaib Alam and Shahnawaz Ahmed and Juan Miguel Arrazola and Carsten Blank and Alain Delgado and Soran Jahangiri and Keri McKiernan and Johannes Jakob Meyer and Zeyue Niu and Antal Sz√°va and Nathan Killoran},
      year={2020},
      eprint={1811.04968},
      archivePrefix={arXiv},
      _url = {https://arxiv.org/abs/1811.04968},
      primaryClass={quant-ph}
}

%% Quantum frameworks

@misc{oceansdk,
  author = {{D-Wave Systems Inc}},
  title = {{Documentation for the Ocean SDK for solving problems on D-Wave quantum computers}},
  year = 2021,
  url = "https://docs.ocean.dwavesys.com/en/stable/",
  _urldate = {2021-10-15}
}

% check citation
@misc{Qiskitdoc,
       author = {{IBM}},
       title = {Qiskit: An Open-source Framework for Quantum Computing},
       year = {2021},
       url = "https://qiskit.org/",
       _urldate = {2021-08-31}
}

% This file was created with Citavi 6.7.0.0

@article{Weder.2021,
 author = {Weder, Benjamin and Barzen, Johanna and Leymann, Frank and Salm, Marie},
 year = {2021},
 title = {Automated Quantum Hardware Selection for Quantum Workflows},
 pages = {984},
 volume = {10},
 number = {8},
 journal = {Electronics},
 doi = {10.3390/electronics10080984}
}

@article{Lucas.2014,
 author = {Lucas, Andrew},
 year = {2014},
 title = {Ising formulations of many {NP} problems},
 pages = {5},
 volume = {2},
 journal = {Frontiers in Physics},
 doi = {10.3389/fphy.2014.00005}
}

% This file was created with Citavi 6.6.0.0

@article{Bayerstadler.2021,
 author = {Bayerstadler, Andreas and Becquin, Guillaume and Binder, Julia and Botter, Thierry and Ehm, Hans and Ehmer, Thomas and Erdmann, Marvin and Gaus, Norbert and Harbach, Philipp and Hess, Maximilian and Klepsch, Johannes and Leib, Martin and Luber, Sebastian and Luckow, Andre and Mansky, Maximilian and Mauerer, Wolfgang and Neukart, Florian and Niedermeier, Christoph and Palackal, Lilly and Pfeiffer, Ruben and Polenz, Carsten and Sepulveda, Johanna and Sievers, Tammo and Standen, Brian and Streif, Michael and Strohm, Thomas and Utschig-Utschig, Clemens and Volz, Daniel and Weiss, Horst and Winter, Fabian},
 year = {2021},
 title = {Industry quantum computing applications},
 pages = {25},
 volume = {8},
 number = {1},
 journal = {EPJ Quantum Technology},
 doi = {10.1140/epjqt/s40507-021-00114-x}
}


@article{Feld.2019,
 author = {Feld, Sebastian and Roch, Christoph and Gabor, Thomas and Seidel, Christian and Neukart, Florian and Galter, Isabella and Mauerer, Wolfgang and Linnhoff-Popien, Claudia},
 year = {2019},
 title = {A Hybrid Solution Method for the Capacitated Vehicle Routing Problem Using a Quantum Annealer},
 pages = {13},
 volume = {6},
 journal = {Frontiers in ICT},
 doi = {10.3389/fict.2019.00013}
}


@article{Hogg.2003,
 author = {Hogg, Tad},
 year = {2003},
 title = {Adiabatic quantum computing for random satisfiability problems},
 pages = {022314},
 volume = {67},
 number = {2},
 journal = {Physical Review A},
 doi = {10.1103/PhysRevA.67.022314}
}

@article{Martonak.2004,
 author = {Marton{\'a}k, Roman and Santoro, Giuseppe E. and Tosatti, Erio},
 year = {2004},
 title = {Quantum annealing of the traveling-salesman problem},
 pages = {057701},
 volume = {70},
 number = {5},
 journal = {Physical Review E},
 doi = {10.1103/PhysRevE.70.057701}
}

% This file was created with Citavi 6.6.0.0

@inproceedings{Gabor.2019,
 author = {Gabor, Thomas and Zielinski, Sebastian and Feld, Sebastian and Roch, Christoph and Seidel, Christian and Neukart, Florian and Galter, Isabella and Mauerer, Wolfgang and Linnhoff-Popien, Claudia},
 title = {Assessing Solution Quality of {3SAT} on a Quantum Annealing Platform},
 pages = {23--35},
 publisher = {{Springer International Publishing}},
 isbn = {978-3-030-14082-3},
 editor = {Feld, Sebastian and Linnhoff-Popien, Claudia},
 booktitle = {Quantum Technology and Optimization Problems},
 year = {2019},
 _address = {Cham},
 doi = {10.1007/978-3-030-14082-3_3}
}

% This file was created with Citavi 6.6.0.0

@article{Chen.2020,
 author = {Chen, Samuel Yen-Chi and Yang, Chao-Han Huck and Qi, Jun and Chen, Pin-Yu and Ma, Xiaoli and Goan, Hsi-Sheng},
 year = {2020},
 title = {Variational Quantum Circuits for Deep Reinforcement Learning},
 pages = {141007--141024},
 volume = {8},
 journal = {IEEE Access},
 doi = {10.1109/ACCESS.2020.3010470}
}

@misc{Chen.2020_GH,
 author = {Chen, Samuel Yen-Chi and Yang, Chao-Han Huck and Qi, Jun and Chen, Pin-Yu and Ma, Xiaoli and Goan, Hsi-Sheng},
 year = {2021},
 title = {Variational Quantum Circuits for Deep Reinforcement Learning},
 url={https://github.com/ycchen1989/Var-QuantumCircuits-DeepRL},
 commit={982efde0919d5ed365b15ae618b60f219dbee417}
}


@misc{Jerbi.09.03.2021,
 author = {Jerbi, Sofiene and Gyurik, Casper and Marshall, Simon and Briegel, Hans J. and Dunjko, Vedran},
 date = {09.03.2021},
 title = {Variational quantum policies for reinforcement learning},
 eprint={2103.05577},
 archivePrefix={arXiv},
 _url = {https://arxiv.org/abs/2103.05577},
 primaryClass={quant-ph}
}


@article{OwenLockwood.2020,
 author = {{Owen Lockwood} and {Mei Si}},
 year = {2020},
 title = {Reinforcement Learning with Quantum Variational Circuit},
 pages = {245--251},
 volume = {16},
 number = {1},
 issn = {2334-0924},
 journal = {Proceedings of the AAAI Conference on Artificial Intelligence and Interactive Digital Entertainment},
}

@misc{OwenLockwood.2020_GH,
 author = {{Owen Lockwood} and {Mei Si}},
 year = {2020},
 title = {Reinforcement Learning with Quantum Variational Circuit},
 url={https://github.com/lockwo/quantum_computation},
 commit={5802f93c9ef493a15f6d213b9050b344d232e334}
}

@misc{Skolik.28.03.2021,
 author = {Skolik, Andrea and Jerbi, Sofiene and Dunjko, Vedran},
 date = {28.03.2021},
 title = {Quantum agents in the Gym: a variational quantum algorithm for deep  Q-learning},
 eprint={2103.15084},
 archivePrefix={arXiv},
 _url = {https://arxiv.org/abs/2103.15084},
 primaryClass={quant-ph}
}

@misc{Skolik_GH,
 author = {Skolik, Andrea and Jerbi, Sofiene and Dunjko, Vedran},
 date = {28.03.2021},
 title = {Quantum agents in the Gym: a variational quantum algorithm for deep  Q-learning},
 url = {https://github.com/askolik/quantum_agents},
 commit={78a4c92877f11d8be3848c599c08ba1b984215e8}
}

% This file was created with Citavi 6.6.0.0

@article{Khairy.2019,
 author = {Khairy, Sami and Shaydulin, Ruslan and Cincio, Lukasz and Alexeev, Yuri and Balaprakash, Prasanna},
 date = {11.11.2019},
 title = {Reinforcement-Learning-Based Variational Quantum Circuits Optimization  for Combinatorial Problems},
 eprint={1911.04574},
 archivePrefix={arXiv},
 _url = {https://arxiv.org/abs/1911.04574},
 primaryClass={cs.LG}
}

@article{Bellman1957,
    author = "Richard Bellman",
     title = "A Markovian Decision Process",
   journal = "Indiana Univ. Math. J.",
  fjournal = "Indiana University Mathematics Journal",
    volume = 6,
      year = 1957,
     issue = 4,
     pages = "679--684",
      issn = "0022-2518",
     coden = "IUMJAB",
   mrclass = "",
}

@book{sutton2018,
    author = {Sutton, Richard S. and Barto, Andrew G.},
    title = {Reinforcement Learning: An Introduction},
    year = {2018},
    isbn = {0262039249},
    publisher = {A Bradford Book},
    _address = {Cambridge, MA, USA},
}

@article{WatkinsDayan92,
  author={Christopher J. C. H. Watkins and Peter Dayan},
  day = 01,
  doi = {10.1007/BF00992698},
  interhash = {a4436f9e14335d677f156049cb798253},
  issn = {1573-0565},
  journal = {Machine Learning},
  keywords = {DRLAlgoComparison q-learning reinforcement_learning},
  month = may,
  number = 3,
  pages = {279--292},
  timestamp = {2020-01-01T20:16:30.000+0100},
  title = {Q-learning},
  volume = 8,
  year = 1992
}

@article{mnih2013playing,
  title={Playing {Atari} with Deep Reinforcement Learning},
  author={Mnih, Volodymyr and Kavukcuoglu, Koray and Silver, David and Graves, Alex and Antonoglou, Ioannis and Wierstra, Daan and Riedmiller, Martin},
  eprint={1312.5602},
  archivePrefix={arXiv},
  _url={https://arxiv.org/abs/1312.5602},
  year={2013},
  primaryClass={cs.LG}
}

@article{mnih2015human,
  title={Human-level control through deep reinforcement learning},
  author={Mnih, Volodymyr and Kavukcuoglu, Koray and Silver, David and Rusu, Andrei A and Veness, Joel and Bellemare, Marc G and Graves, Alex and Riedmiller, Martin and Fidjeland, Andreas K and Ostrovski, Georg and others},
  journal={nature},
  volume={518},
  number={7540},
  pages={529--533},
  year={2015},
  publisher={Nature Publishing Group}
}

@article{mitarai2018quantum,
  title={Quantum circuit learning},
  author={Mitarai, Kosuke and Negoro, Makoto and Kitagawa, Masahiro and Fujii, Keisuke},
  journal={Physical Review A},
  volume={98},
  number={3},
  pages={032309},
  year={2018},
  publisher={APS}
}

@software{tensorflow_developers_2021_5645375,
  author       = {TensorFlow Developers},
  title        = {TensorFlow},
  month        = nov,
  year         = 2021,
  publisher    = {Zenodo},
  version      = {v2.6.2},
  doi          = {10.5281/zenodo.5645375},
  _url          = {https://doi.org/10.5281/zenodo.5645375}
}

@incollection{pytorch,
    title = {PyTorch: An Imperative Style, High-Performance Deep Learning Library},
    author = {Paszke, Adam and Gross, Sam and Massa, Francisco and Lerer, Adam and Bradbury, James and Chanan, Gregory and Killeen, Trevor and Lin, Zeming and Gimelshein, Natalia and Antiga, Luca and Desmaison, Alban and Kopf, Andreas and Yang, Edward and DeVito, Zachary and Raison, Martin and Tejani, Alykhan and Chilamkurthy, Sasank and Steiner, Benoit and Fang, Lu and Bai, Junjie and Chintala, Soumith},
    booktitle = {Advances in Neural Information Processing Systems 32},
    %editor = {H. Wallach and H. Larochelle and A. Beygelzimer and F. d\textquotesingle Alch\'{e}-Buc and E. Fox and R. Garnett},
    pages = {8024--8035},
    year = {2019},
    publisher = {Curran Associates, Inc.},
    url = {http://papers.neurips.cc/paper/9015-pytorch-an-imperative-style-high-performance-deep-learning-library.pdf}
}

@misc{githubcopilot,
  author = {Albert Ziegler},
  title = {{A first look at rote learning in GitHub Copilot suggestions}},
  year = 2021,
  url = "https://docs.github.com/en/github/copilot/research-recitation",
}

@article{schuld2019evaluating,
  title={Evaluating analytic gradients on quantum hardware},
  author={Schuld, Maria and Bergholm, Ville and Gogolin, Christian and Izaac, Josh and Killoran, Nathan},
  journal={Physical Review A},
  volume={99},
  number={3},
  pages={032331},
  year={2019},
  publisher={APS}
}

@inproceedings{van2016deep,
  title={Deep Reinforcement Learning with {Double Q-learning}},
  author={Van Hasselt, Hado and Guez, Arthur and Silver, David},
  booktitle={Proceedings of the AAAI conference on artificial intelligence},
  volume={30},
  number={1},
  year={2016}
}

@article{hellstern2021analysis,
  title={Analysis of a hybrid quantum network for classification tasks},
  author={Hellstern, Gerhard},
  journal={IET Quantum Communication},
  year={2021},
  publisher={Wiley Online Library},
  doi={10.1049/qtc2.12017}
}

@misc{portfolioOpt,
  author={Peguy Pierre-Louis and Heidi Tong and John McFarland},
  title={Portfolio Optimization},
  year={2021},
  url={https://github.com/dwave-examples/portfolio-optimization},
  commit={bfb7c07a05c255ce31cac733a0eee1095606999e}
}

@inproceedings{kruger2020quantum,
  title={Quantum annealing-based software components: An experimental case study with {SAT} solving},
  author={Kr{\"u}ger, Tom and Mauerer, Wolfgang},
  booktitle={Proceedings of the IEEE/ACM 42nd International Conference on Software Engineering Workshops},
  pages={445--450},
  year={2020},
  doi={10.1145/3387940.3391472}
}

@inproceedings{sax2020approximate,
  title={Approximate approximation on a quantum annealer},
  author={Sax, Irmi and Feld, Sebastian and Zielinski, Sebastian and Gabor, Thomas and Linnhoff-Popien, Claudia and Mauerer, Wolfgang},
  booktitle={Proceedings of the 17th ACM International Conference on Computing Frontiers},
  pages={108--117},
  year={2020},
  doi={10.1145/3387902.3392635}
}

@misc{antennaSel,
  author={Victoria Goliber and Heidi Tong and Radomir Stevanovic},
  title={Antennas Selection},
  year={2021},
  url={https://github.com/dwave-examples/antenna-selection},
  commit={6ac67bbd625cf294f2480bddd710332dadf7ee8a}
}

@misc{maxCut,
  author={Victoria Goliber and Heidi Tong and Radomir Stevanovic},
  title={Maximum Cut},
  year={2021},
  url={https://github.com/dwave-examples/maximum-cut},
  commit={c2fa91ed53175bcef1dbbaa233d7b268fd353d3c}
}

@article{farhi2018classification,
  title={Classification with quantum neural networks on near term processors},
  author={Farhi, Edward and Neven, Hartmut},
  eprint={1802.06002},
  archivePrefix={arXiv},
  _url={https://arxiv.org/abs/1802.06002},
  year={2018},
  primaryClass={quant-ph}
}

@article{barison2020quantum,
      title={Quantum simulations of molecular systems with intrinsic atomic orbitals}, 
      author={Stefano Barison and Davide Emilio Galli and Mario Motta},
      year={2020},
      eprint={2011.08137},
      archivePrefix={arXiv},
      _url={https://arxiv.org/abs/2011.08137},
      primaryClass={quant-ph}
}

@article{barison2020quantum_GH,
      title={Quantum simulations of molecular systems with intrinsic atomic orbitals}, 
      author={Stefano Barison and Davide Emilio Galli and Mario Motta},
      year={2020},
      url={https://github.com/StefanoBarison/quantum_simulation_with_IAO},
      commit={5f4f1c69e3cec1af8b2a79fa13f24f47532256ca}
}

@article{copenhaver2021using,
  title={Using quantum annealers to calculate ground state properties of molecules},
  author={Copenhaver, Justin and Wasserman, Adam and Wehefritz-Kaufmann, Birgit},
  journal={The Journal of Chemical Physics},
  volume={154},
  number={3},
  pages={034105},
  year={2021},
  publisher={AIP Publishing LLC},
  doi = {10.1063/5.0030397}
}

@article{copenhaver2021using_GH,
  title={Using quantum annealers to calculate ground state properties of molecules},
  author={Copenhaver, Justin and Wasserman, Adam and Wehefritz-Kaufmann, Birgit},
  year={2021},
  url={https://github.com/jcopenh/Quantum-Chemistry-with-Annealers},
  commit={1513b75e6db03add64c94483402fac6226e8c42d}
}

@article{kandala2017hardware,
  title={Hardware-efficient variational quantum eigensolver for small molecules and quantum magnets},
  author={Kandala, Abhinav and Mezzacapo, Antonio and Temme, Kristan and Takita, Maika and Brink, Markus and Chow, Jerry M and Gambetta, Jay M},
  journal={Nature},
  volume={549},
  number={7671},
  pages={242--246},
  year={2017},
  publisher={Nature Publishing Group},
  doi = {10.1038/nature23879}
}

@inproceedings{Grover.1996,
 author = {Grover, Lov K.},
 title = {A fast quantum mechanical algorithm for database search},
 pages = {212--219},
 publisher = {ACM},
 booktitle = {Proceedings of the twenty-eighth annual ACM symposium on Theory of computing  - STOC '96},
 year = {1996},
 _address = {New York, New York, USA},
 doi = {10.1145/237814.237866}
}

@incollection{DBLP:reference/db/Roy018,
  author    = {Prasan Roy and
               S. Sudarshan},
  editor    = {Ling Liu and
               M. Tamer {\"{O}}zsu},
  title     = {Multi-query Optimization},
  booktitle = {Encyclopedia of Database Systems, Second Edition},
  publisher = {Springer},
  year      = {2018},
  _url       = {https://doi.org/10.1007/978-1-4614-8265-9_239},
  doi       = {10.1007/978-1-4614-8265-9_239},
  timestamp = {Thu, 14 Feb 2019 16:15:02 +0100},
  biburl    = {https://dblp.org/rec/reference/db/Roy018.bib},
  bibsource = {dblp computer science bibliography, https://dblp.org}
}

@article{ichbiah1979rationale,
  title={Rationale for the design of the {Ada} programming language},
  author={Ichbiah, Jean D and Krieg-Brueckner, Bernd and Wichmann, Brian A and Barnes, John GP and Roubine, Olivier and Heliard, Jean-Claude},
  journal={ACM Sigplan notices},
  volume={14},
  number={6b},
  pages={1--261},
  year={1979},
  publisher={ACM New York, NY, USA}
}

@mastersthesis{schoenberger2021quantumqueryopt,
author={Manuel Sch√∂nberger},
title={Applicability of Quantum Computing on Database Query Optimization},
institution={Technical University of Applied Sciences Regensburg},
year = 2021,
note = {unpublished}
}

@book{Bass:2012,
author = {Bass, Len and Clements, Paul and Kazman, Rick},
title = {Software Architecture in Practice},
year = {2012},
isbn = {0321815734},
publisher = {Addison-Wesley Professional},
edition = {3rd},
}

@article{zhao2020quantum,
  title={Quantum software engineering: Landscapes and horizons},
  author={Zhao, Jianjun},
  eprint={2007.07047},
  archivePrefix={arXiv},
  _url={https://arxiv.org/abs/2007.07047},
  year={2020},
  primaryClass={cs.SE}
}

@inproceedings{Zhao.2021,
 author = {{Jianjun Zhao}},
 title = {Some Size and Structure Metrics for Quantum Software},
 pages = {22--27},
 booktitle = {2021 IEEE/ACM 2nd International Workshop on Quantum Software Engineering (Q-SE)},
 year = {2021},
 doi = {10.1109/Q-SE52541.2021.00012},
}

@inproceedings{mamun.2017,
author = {Mamun, Md Abdullah Al and Berger, Christian and Hansson, J\"{o}rgen},
title = {Correlations of Software Code Metrics: An Empirical Study},
year = {2017},
publisher = {ACM},
_address = {New York, NY, USA},
doi = {10.1145/3143434.3143445},
booktitle = {Proceedings of the 27th International Workshop on Software Measurement and 12th International Conference on Software Process and Product Measurement},
pages = {255‚Äì266},
}

@misc{quasar,
       author = {{QC Ware}},
       title = {Quasar library for creating and evaluating quantum computing circuits},
       year = {2022},
       url = "https://qcware-quasar.readthedocs.io/en/latest/"
}

@misc{atosqml,
       author = {{Atos}},
       title = {Quantum Learning Machine},
       year = {2020},
       url = "https://atos.net/wp-content/uploads/2020/11/Quantum-Learning-Machine-Brochure.pdf"
}

@article{fankhauser2021multiple,
    title={Multiple Query Optimization using a Hybrid Approach of Classical and Quantum Computing}, 
    author={Tobias Fankhauser and Marc E. Sol√®r and Rudolf M. F√ºchslin and Kurt Stockinger},
    year={2021},
    eprint={2107.10508},
    archivePrefix={arXiv},
    _url={https://arxiv.org/abs/2107.10508},
    primaryClass={cs.DB}
}

@article{franz22,
    title={Uncovering Instabilities in Variational-Quantum Deep Q-Networks},
    author={Franz, Maja AND Wolf, Lucas
            AND Periyasamy, Maniraman 
            AND Ufrecht, Christopher
            AND Scherer, Daniel D.
            AND Plinge, Axel
            AND Mutschler, Christopher
            AND Mauerer, Wolfgang},
    year={2022},
    eprint={2202.05195},
    archivePrefix={arXiv},
    _url={https://arxiv.org/abs/2202.05195},
    primaryClass={quant-ph}
}

@inbook{Krueger:2020,
author = {Kr\"{u}ger, Tom and Mauerer, Wolfgang},
title = {Quantum Annealing-Based Software Components: An Experimental Case Study with SAT Solving},
year = {2020},
isbn = {9781450379632},
publisher = {Association for Computing Machinery},
address = {New York, NY, USA},
url = {https://doi.org/10.1145/3387940.3391472},
booktitle = {Proceedings of the IEEE/ACM 42nd International Conference on Software Engineering Workshops},
pages = {445‚Äì450},
numpages = {6}
}


@misc{Mauerer:2022,
  title={1-2-3 Reproducibility for Quantum Software Experiments}, 
  author={Wolfgang Mauerer and Stefanie Scherzinger},
  year={2022},
  eprint={2201.12031},
  archivePrefix={arXiv},
  primaryClass={cs.SE},
  _url = {https://arxiv.org/abs/2201.12031}
}

@ARTICLE {Mauerer:2021,
author = {W. Mauerer and M. Joblin and D. Tamburri and C. Paradis and R. Kazman and S. Apel},
journal = {IEEE Transactions on Software Engineering},
title = {In Search of Socio-Technical Congruence: A Large-Scale Longitudinal Study},
year = {2021},
volume = {},
number = {01},
issn = {1939-3520},
pages = {1-1},
keywords = {open source software;computer bugs;software quality;measurement;software architecture;data models;task analysis},
doi = {10.1109/TSE.2021.3082074},
publisher = {IEEE Computer Society},
address = {Los Alamitos, CA, USA},
month = {may}
}

@inproceedings{ramsauer:2019,
 author = {Ralf Ramsauer and Daniel Lohmann and Wolfgang Mauerer},
 booktitle = {Proceedings of the 41st International Conference on Software Engineering (ICSE '19)},
 category = {peer, software},
 doi = {10.1109/ICSE.2019.00088},
 entrysubtype = {Conference},
 month = {May},
 pages = {807--818},
 title = {The List is the Process: Reliable Pre-Integration Tracking of Commits on Mailing Lists},
 userc = {CORE18:A*},
 userd = {ICSE '19},
 venue = {Montreal, QC, Canada},
 year = {2019}
}

@misc{Mauerer:2005,
      title={Semantics and simulation of communication in quantum programming}, 
      author={Wolfgang Mauerer},
      year={2005},
      eprint={quant-ph/0511145},
      archivePrefix={arXiv},
      primaryClass={quant-ph},
      _url = {https://arxiv.org/abs/quant-ph/0511145}
}